% This file was created with JabRef 2.6.
% Encoding: Cp1252

@inproceedings{Wang:2013:TLF:2487575.2488220,
 author = {Wang, Dawei and Ding, Wei and Yu, Kui and Wu, Xindong and Chen, Ping and Small, David L. and Islam, Shafiqul},
 title = {Towards Long-lead Forecasting of Extreme Flood Events: A Data Mining Framework for Precipitation Cluster Precursors Identification},
 booktitle = {Proceedings of the 19th ACM SIGKDD International Conference on Knowledge Discovery and Data Mining},
 series = {KDD '13},
 year = {2013},
 isbn = {978-1-4503-2174-7},
 location = {Chicago, Illinois, USA},
 pages = {1285--1293},
 numpages = {9},
 url = {http://doi.acm.org/10.1145/2487575.2488220},
 doi = {10.1145/2487575.2488220},
 acmid = {2488220},
 publisher = {ACM},
 address = {New York, NY, USA},
 keywords = {flood forecasting, online streaming feature selection, spatial-temporal data mining},
} 

@article{:/content/aip/magazine/physicstoday/article/65/3/10.1063/PT.3.1475,
   author = "Lubchenco, Jane and Karl, Thomas R.",
   title = "Predicting and managing extreme weather events",
   journal = "Print edition",
   year = "2012",
   volume = "65",
   number = "3", 
   pages = "31-37",
   url = "http://scitation.aip.org/content/aip/magazine/physicstoday/article/65/3/10.1063/PT.3.1475",
   doi = "http://dx.doi.org/10.1063/PT.3.1475" 
}

@article{cloke2009ensemble,
  title={Ensemble flood forecasting: a review},
  author={Cloke, HL and Pappenberger, Florian},
  journal={Journal of Hydrology},
  volume={375},
  number={3},
  pages={613--626},
  year={2009},
  publisher={Elsevier}
}

@article{stensrud2000using,
  title={Using initial condition and model physics perturbations in short-range ensemble simulations of mesoscale convective systems},
  author={Stensrud, David J and Bao, Jian-Wen and Warner, Thomas T},
  journal={Monthly Weather Review},
  volume={128},
  number={7},
  pages={2077--2107},
  year={2000}
}

@inproceedings{supinie2009spatiotemporal,
  title={Spatiotemporal relational random forests},
  author={Supinie, Timothy A and McGovern, Amy and Williams, John and Abernathy, Jennifer},
  booktitle={Data Mining Workshops, 2009. ICDMW'09. IEEE International Conference on},
  pages={630--635},
  year={2009},
  organization={IEEE}
}

@article{mcgovern2011using,
  title={Using spatiotemporal relational random forests to improve our understanding of severe weather processes},
  author={McGovern, Amy and John Gagne, David and Troutman, Nathaniel and Brown, Rodger A and Basara, Jeffrey and Williams, John K},
  journal={Statistical Analysis and Data Mining},
  volume={4},
  number={4},
  pages={407--429},
  year={2011},
  publisher={Wiley Online Library}
}

@article{li2008real,
  title={Real-time storm detection and weather forecast activation through data mining and events processing},
  author={Li, Xiang and Plale, Beth and Vijayakumar, Nithya and Ramachandran, Rahul and Graves, Sara and Conover, Helen},
  journal={Earth Science Informatics},
  volume={1},
  number={2},
  pages={49--57},
  year={2008},
  publisher={Springer}
}

@article{king2003cloud,
  title={Cloud and aerosol properties, precipitable water, and profiles of temperature and water vapor from MODIS},
  author={King, Michael D and Menzel, W Paul and Kaufman, Yoram J and Tanr{\'e}, Didier and Gao, Bo-Cai and Platnick, Steven and Ackerman, Steven A and Remer, Lorraine A and Pincus, Robert and Hubanks, Paul A},
  journal={Geoscience and Remote Sensing, IEEE Transactions on},
  volume={41},
  number={2},
  pages={442--458},
  year={2003},
  publisher={IEEE}
}

@article{kalnay1996ncep,
  title={The NCEP/NCAR 40-year reanalysis project},
  author={Kalnay, Eugenia and Kanamitsu, Masao and Kistler, Robert and Collins, William and Deaven, D and Gandin, L and Iredell, Mo and Saha, Suranjana and White, Glenn and Woollen, John and others},
  journal={Bulletin of the American meteorological Society},
  volume={77},
  number={3},
  pages={437--471},
  year={1996}
}
